@inproceedings{abhijith2020impact,
  title={Impact Of VPN Technology On It Industry During Covid-19 Pandemic},
  author={Abhijith, M and Senthilvadivu, K},
  booktitle={IJEAST},
  year={2020}
}

@misc{nist791491,
	author = {Elaine Barker and Quynh Dang and Sheila Frankel and Karen Scarfone and Paul Wouters},
	title = {Guide to IPsec VPNs},
	year = {2020},
	month = {2020-06-30 00:06:00},
	publisher = {Special Publication (NIST SP), National Institute of Standards and Technology, Gaithersburg, MD},
	doi = {https://doi.org/10.6028/NIST.SP.800-77r1},
	language = {en},
}

@Misc{avm2022,
	author = {AVM Computersysteme Vertriebs GmbH},
	title = {Connecting the FRITZ!Box with a company's VPN},
	howpublished = {https://en.avm.de/service/vpn/tips-tricks/connecting-the-fritzbox-with-a-companys-vpn/},
	note = {Accessed: 2022-09-09},
}

@article{angluin1987learning,
	title={Learning regular sets from queries and counterexamples},
	author={Angluin, Dana},
	journal={Information and computation},
	volume={75},
	number={2},
	pages={87--106},
	year={1987},
	publisher={Elsevier}
}

@inproceedings{pferscher2021fingerprinting,
	title={Fingerprinting Bluetooth Low Energy devices via active automata learning},
	author={Pferscher, Andrea and Aichernig, Bernhard K},
	booktitle={International Symposium on Formal Methods},
	pages={524--542},
	year={2021},
	organization={Springer}
}

@article{muvskardin2022aalpy,
	title={AALpy: an active automata learning library},
	author={Mu{\v{s}}kardin, Edi and Aichernig, Bernhard K and Pill, Ingo and Pferscher, Andrea and Tappler, Martin},
	journal={Innovations in Systems and Software Engineering},
	pages={1--10},
	year={2022},
	publisher={Springer}
}

@inproceedings{pferscher2022fuzzing,
	title={Stateful Black-Box Fuzzing of Bluetooth Devices Using Automata Learning},
	author={Pferscher, Andrea and Aichernig, Bernhard K},
	booktitle={NASA Formal Methods Symposium},
	pages={373--392},
	year={2022},
	organization={Springer}
}
