
% Example Biblatex Entries
% ========================




% Whole Journal
% -------------

@periodical{IVI-2002-12,
  key          = "IVI",
  journal      = "Information Visualization",
  date         = "2002-12",
  volume       = 41,
  number       = 7,
}



% Papers in Journals
% ------------------

% The key field here overrides the key field in the journal being
% cross referenced (as does the NOTE field).

@article{article-crossref,
  crossref     = "IVI-2002-12",
  key          = "",
  author       = "L[eslie] A. Aamport",
  title        = "The Gnats and Gnus Document Preparation System",
  pages        = "73+",
  note         = "This is a cross-referencing ARTICLE entry",
}


@article{article-minimal,
  author       = "L[eslie] A. Aamport",
  title        = "The Gnats and Gnus Document Preparation System",
  journal      = "\mbox{G-Animal's} Journal",
  date         = "1986",
}

@article{article-full,
  author       = "L[eslie] A. Aamport",
  title        = "The Gnats and Gnus Document Preparation System",
  journal      = "\mbox{G-Animal's} Journal",
  year         = 1986,
  month        = jul,
  volume       = 41,
  number       = 7,
  pages        = "73+",
  note         = "This is a full ARTICLE entry",
}




% Papers in a Collection
% ----------------------

@inbook{inbook-minimal,
  author       = "Donald E. Knuth",
  title        = "Fundamental Algorithms",
  publisher    = "Addison-Wesley",
  date         = "1973",
  chapter      = "1.2",
}

@inbook{inbook-full,
  author       = "Donald E. Knuth",
  title        = "Fundamental Algorithms",
  volume       = "1",
  series       = "The Art of Computer Programming",
  publisher    = "Addison-Wesley",
  address      = "Reading, Massachusetts",
  edition      = "2",
  date         = "1973-01",
  type         = "Section",
  chapter      = "1.2",
  pages        = "10--119",
  note         = "This is a full INBOOK entry",
}

@inbook{inbook-crossref,
  crossref     = "whole-set",
  title        = "Fundamental Algorithms",
  volume       = 1,
  series       = "The Art of Computer Programming",
  edition      = "2",
  date         = "1973",
  type         = "Section",
  chapter      = "1.2",
  note         = "This is a cross-referencing INBOOK entry",
}




% Books
% -----

@book{book-minimal,
  author       = "Donald E. Knuth",
  title        = "Seminumerical Algorithms",
  publisher    = "Addison-Wesley",
  date         = "1981",
}

@book{book-full,
  author       = "Donald E. Knuth",
  title        = "Seminumerical Algorithms",
  volume       = 2,
  series       = "The Art of Computer Programming",
  publisher    = "Addison-Wesley",
  address      = "Reading, Massachusetts",
  edition      = "2",
  date         = "1981",
  note         = "This is a full BOOK entry",
}

@book{book-crossref,
  crossref     = "whole-set",
  title        = "Seminumerical Algorithms",
  volume       = 2,
  series       = "The Art of Computer Programming",
  edition      = "2",
  date         = "1981",
  note         = "This is a cross-referencing BOOK entry",
}

@book{whole-set,
  author       = "Donald E. Knuth",
  publisher    = "Addison-Wesley",
  title        = "The Art of Computer Programming",
  series       = "Four volumes",
  date         = "1968",
  note         = "Seven volumes planned (this is a cross-referenced
                  set of books)",
}



% Booklets
% --------

@booklet{booklet-minimal,
  key          = "Kn{\printfirst{v}{1987}}",
  title        = "The Programming of Computer Art",
}

@booklet{booklet-full,
  author       = "Jill C. Knvth",
  title        = "The Programming of Computer Art",
  howpublished = "Vernier Art Center",
  address      = "Stanford, California",
  date         = "1988-02",
  note         = "This is a full BOOKLET entry",
}




% Papers in Edited Collection
% ---------------------------

@incollection{incollection-minimal,
  author       = "Daniel D. Lincoll",
  title        = "Semigroups of Recurrences",
  booktitle    = "High Speed Computer and Algorithm Organization",
  publisher    = "Academic Press",
  date         = "1977",
}

@incollection{incollection-full,
  author       = "Daniel D. Lincoll",
  title        = "Semigroups of Recurrences",
  editor       = "David J. Lipcoll and D. H. Lawrie and A. H. Sameh",
  booktitle    = "High Speed Computer and Algorithm Organization",
  number       = 23,
  series       = "Fast Computers",
  chapter      = 3,
  type         = "Part",
  pages        = "179--183",
  publisher    = "Academic Press",
  address      = "New York",
  edition      = "3",
  date         = "1977-09",
  note         = "This is a full INCOLLECTION entry",
}

@incollection{incollection-crossref,
  crossref     = "whole-collection",
  author       = "Daniel D. Lincoll",
  title        = "Semigroups of Recurrences",
  pages        = "179--183",
  note         = "This is a cross-referencing incollection entry",
}



@book{whole-collection,
  editor       = "David J. Lipcoll and D. H. Lawrie and A. H. Sameh",
  title        = "High Speed Computer and Algorithm Organization",
  booktitle    = "High Speed Computer and Algorithm Organization",
  number       = 23,
  series       = "Fast Computers",
  publisher    = "Academic Press",
  address      = "New York",
  edition      = "3",
  date         = "1977-09",
  note         = "This is a cross-referenced book (collection) entry",
}



% Manuals
% -------

@manual{manual-minimal,
  key          = "Manmaker",
  title        = "The Definitive Computer Manual",
}

@manual{manual-full,
  author       = "Larry Manmaker",
  title        = "The Definitive Computer Manual",
  organization = "Chips-R-Us",
  address      = "Silicon Valley",
  edition      = "Silver",
  date         = "1986-04/1986-05",
  note         = "This is a full manual entry",
}



% Master's Theses
% ---------------

@mastersthesis{mastersthesis-minimal,
  author       = "Édouard Masterly",
  title        = "Mastering Thesis Writing",
  school       = "Stanford University",
  date         = "1988",
}

@mastersthesis{mastersthesis-full,
  author       = "Édouard Masterly",
  title        = "Mastering Thesis Writing",
  school       = "Stanford University",
  type         = "Master's project",
  address      = "English Department",
  date         = "1988-06/1988-08",
  note         = "This is a full mastersthesis entry",
}



% Miscellaneous
% -------------

@misc{misc-minimal,
  key          = "Missilany",
  note         = "This is a minimal misc entry",
}

@misc{misc-full,
  author       = "Joe-Bob Missilany",
  title        = "Handing out random pamphlets in airports",
  howpublished = "Handed out at O'Hare",
  date         = "1984-10",
  note         = "This is a full misc entry",
}





% Entire Conference Proceedings
% -----------------------------

@proceedings{whole-proceedings,
  key          = STOC-key,
  organization = ACM,
  title        = "Proc.\ Fifteenth Annual ACM Symposium on the
                  Theory of Computing",
  address      = "Boston",
  date         = "1983",
  booktitle    = "Proc.\ Fifteenth Annual ACM Symposium on the
                  Theory of Computing",
  note         = "This is a cross-referenced proceedings",
}

@proceedings{proceedings-minimal,
  key          = STOC-key,
  title        = "Proc.\ Fifteenth Annual ACM Symposium on the
                  Theory of Computing",
  date         = "1983",
}

@proceedings{proceedings-full,
  editor       = "Wizard V. Oz and Mihalis Yannakakis",
  title        = "Proc. Fifteenth Annual" # STOC,
  number       = 17,
  series       = "All ACM Conferences",
  date         = "1983-02",
  address      = "Boston",
  organization = ACM,
  publisher    = "Academic Press",
  note         = "This is a full PROCEEDINGS entry",
}





% Papers in Conference Proceedings
% --------------------------------

@inproceedings{inproceedings-minimal,
  author       = "Alfred V. Oaho and Jeffrey D. Ullman and Mihalis Yannakakis",
  title        = "On Notions of Information Transfer in {VLSI} Circuits",
  booktitle    = "Proc.\ Fifteenth Annual ACM Symposium on the
                  Theory of Computing",
  date         = "1983",
}

@inproceedings{inproceedings-full,
  author       = "Alfred V. Oaho and Jeffrey D. Ullman and Mihalis Yannakakis",
  title        = "On Notions of Information Transfer in {VLSI} Circuits",
  editor       = "Wizard V. Oz and Mihalis Yannakakis",
  booktitle    = "Proc.\ Fifteenth Annual ACM Symposium on the
                  Theory of Computing",
  venue        = "Graz, Austria",
  date         = "1983-03",
  organization = ACM,
  publisher    = "Academic Press",
  address      = "Boston",
  series       = "All ACM Conferences",
  number       = 17,
  pages        = "133--139",
  note         = "This is a full inprocedings entry",
}

@inproceedings{inproceedings-crossref,
  crossref     = "whole-proceedings",
  author       = "Alfred V. Oaho and Jeffrey D. Ullman and Mihalis Yannakakis",
  title        = "On Notions of Information Transfer in {VLSI} Circuits",
  organization = "",
  pages        = "133--139",
  note         = "This is a cross-referencing inproceedings entry",
}




% PhD Theses
% ----------

@phdthesis{phdthesis-minimal,
  author       = "F. Phidias Phony-Baloney",
  title        = "Fighting Fire with Fire: Festooning {F}rench Phrases",
  school       = "Fanstord University",
  date         = "1988",
}

@phdthesis{phdthesis-full,
  author       = "F. Phidias Phony-Baloney",
  title        = "Fighting Fire with Fire: Festooning {F}rench Phrases",
  school       = "Fanstord University",
  type         = "{PhD} Dissertation",
  address      = "Department of French",
  date         = "1988-06/1988-08",
  note         = "This is a full phdthesis entry",
}



% Technical Reports
% -----------------

@techreport{techreport-minimal,
  author       = "Tom Terrific",
  title        = "An {$O(n \log n / \! \log\log n)$} Sorting Algorithm",
  institution  = "Fanstord University",
  year         = 1988,
}

@techreport{techreport-full,
  author       = "Tom Térrific",
  title        = "An {$O(n \log n / \! \log\log n)$} Sorting Algorithm",
  institution  = "Fanstord University",
  type         = "Wishful Research Result",
  number       = "7",
  address      = "Computer Science Department, Fanstord, California",
  date         = "1988-10",
  note         = "This is a full techreport entry",
}




% Unpublished Works
% -----------------

@unpublished{unpublished-minimal,
  author       = "Ulrich Ünderwood and Ned Ñet and Paul Pot",
  title        = "Lower Bounds for Wishful Research Results",
  note         = "Talk at Fanstord University (this is a minimal UNPublished entry)",
}

@unpublished{unpublished-full,
  author       = "Ulrich Ünderwood and Ned Ñet and Paul Pot",
  title        = "Lower Bounds for Wishful Research Results",
  year         = "1988-11/1988-12",
  note         = "Talk at Fanstord University (this is a full unpublished entry)",
}

% Unsorted
@inproceedings{abhijith2020impact,
	title={Impact Of {VPN} Technology On It Industry During Covid-19 Pandemic},
	author={Abhijith, M and Senthilvadivu, K},
	booktitle={IJEAST},
	year={2020}
}

@misc{nist791491,
	author = {Elaine Barker and Quynh Dang and Sheila Frankel and Karen Scarfone and Paul Wouters},
	title = {Guide to {IPsec} {VPNs}},
	publisher = {Special Publication (NIST SP), National Institute of Standards and Technology, Gaithersburg, MD},
	doi = {https://doi.org/10.6028/NIST.SP.800-77r1},
	language = {en},
}

@Misc{avm2022,
	author = {AVM Computersysteme Vertriebs GmbH},
	title = {Connecting the {FRITZ!Box} with a company's {VPN}},
	year = {2022},
	howpublished = {https://en.avm.de/service/vpn/tips-tricks/connecting-the-fritzbox-with-a-companys-vpn/}
}

@article{angluin1987learning,
	title={Learning regular sets from queries and counterexamples},
	author={Angluin, Dana},
	journal={Information and computation},
	volume={75},
	number={2},
	pages={87--106},
	year={1987},
	publisher={Elsevier}
}

@inproceedings{pferscher2021fingerprinting,
	title={Fingerprinting {Bluetooth} {Low} {Energy} devices via active automata learning},
	author={Pferscher, Andrea and Aichernig, Bernhard K},
	booktitle={International Symposium on Formal Methods},
	pages={524--542},
	year={2021},
	organization={Springer}
}

@article{muvskardin2022aalpy,
	title={{AALpy}: an active automata learning library},
	author={Mu{\v{s}}kardin, Edi and Aichernig, Bernhard K and Pill, Ingo and Pferscher, Andrea and Tappler, Martin},
	journal={Innovations in Systems and Software Engineering},
	pages={1--10},
	year={2022},
	publisher={Springer}
}

@inproceedings{Isberner2014TTT,
	title={The TTT Algorithm: A Redundancy-Free Approach to Active Automata Learning},
	author={Isberner, Malte and Howar, Falk and Steffen, Bernhard},
	booktitle={International Conference on Runtime Verification},
	pages={307-322},
	year={2014},
}

@inproceedings{pferscher2022fuzzing,
	title={Stateful Black-Box Fuzzing of {Bluetooth} Devices Using Automata Learning},
	author={Pferscher, Andrea and Aichernig, Bernhard K},
	booktitle={NASA Formal Methods Symposium},
	pages={373--392},
	year={2022},
	organization={Springer}
}

@article{ANGLUIN198787,
	title = {Learning regular sets from queries and counterexamples},
	journal = {Information and Computation},
	volume = {75},
	number = {2},
	pages = {87-106},
	year = {1987},
	issn = {0890-5401},
	doi = {https://doi.org/10.1016/0890-5401(87)90052-6},
	url = {https://www.sciencedirect.com/science/article/pii/0890540187900526},
	author = {Dana Angluin}
}

@article{nordvpn2021,
	title={The best {VPN} protocols},
	author={Ferguson, Niels and Schneier, Bruce},
	url={https://nordvpn.com/de/blog/protocols/},
	year={2021}
}

@article{ferguson1999cryptographic,
	title={A cryptographic evaluation of {IPsec}},
	author={Ferguson, Niels and Schneier, Bruce},
	year={1999}
}

@techreport{kaufman2014internet,
	title={Internet key exchange protocol version 2 ({IKEv2})},
	author={Kaufman, Charlie and Hoffman, Paul and Nir, Yoav and Eronen, Pasi and Kivinen, Tero},
	year={2014}
}

@article{guo2019model,
	title={Model learning and model checking of {IPsec} implementations for {Internet} of {Things}},
	author={Guo, Jiaxing and Gu, Chunxiang and Chen, Xi and Wei, Fushan},
	journal={IEEE Access},
	volume={7},
	pages={171322--171332},
	year={2019},
	publisher={IEEE}
}

@inproceedings{fiteruau2017model,
	title={Model learning and model checking of {SSH} implementations},
	author={Fiter{\u{a}}u-Bro{\c{s}}tean, Paul and Lenaerts, Toon and Poll, Erik and de Ruiter, Joeri and Vaandrager, Frits and Verleg, Patrick},
	booktitle={Proceedings of the 24th ACM SIGSOFT International SPIN Symposium on Model Checking of Software},
	pages={142--151},
	year={2017}
}

@inproceedings{fiteruau2016combining,
	title={Combining model learning and model checking to analyze {TCP} implementations},
	author={Fiter{\u{a}}u-Bro{\c{s}}tean, Paul and Janssen, Ramon and Vaandrager, Frits},
	booktitle={International Conference on Computer Aided Verification},
	pages={454--471},
	year={2016},
	organization={Springer}
}

@phdthesis{novickis2016protocol,
	title={Protocol state fuzzing of an {OpenVPN}},
	author={Novickis, Tomas and Poll, Erik and Altan, Kadir},
	year={2016},
	school={PhD thesis. MS thesis, Fac. Sci. Master Kerckhoffs Comput. Secur., Radboud Univ}
}

@article{Rivest1993Inference,
	title={Inference of Finite Automata Using Homing Sequences},
	author={Rivest, Ronald L. and Schapire, Robert E.},
	journal={Information \& Computation},
	volume={103},
	number={103},
	pages={51-73},
	year={1993},
}

@inproceedings{daniel2018inferring,
	title={Inferring {OpenVPN} state machines using protocol state fuzzing},
	author={Daniel, Lesly-Ann and Poll, Erik and de Ruiter, Joeri},
	booktitle={2018 IEEE European Symposium On Security And Privacy Workshops (Euros\&PW)},
	pages={11--19},
	year={2018},
	organization={IEEE}
}

@INPROCEEDINGS{tappler2017,  
	author={Tappler, Martin and Aichernig, Bernhard K. and Bloem, Roderick},  
	booktitle={2017 IEEE International Conference on Software Testing, Verification and Validation ({ICST})},   
	title={Model-Based Testing IoT Communication via Active Automata Learning},   
	year={2017},  
	pages={276-287},  
	doi={10.1109/ICST.2017.32}
}

@inproceedings{steffen2011,
	author = {Steffen, Bernhard and Howar, Falk and Merten, Maik},
	year = {2011},
	month = {06},
	pages = {256-296},
	title = {Introduction to Active Automata Learning from a Practical Perspective},
	isbn = {978-3-642-21454-7},
	doi = {10.1007/978-3-642-21455-4_8}
}


@inproceedings{Niese2003AnIA,
	title={An integrated approach to testing complex systems},
	author={Oliver Niese},
	year={2003}
}

@book{KV1994,
	title={An introduction to computational learning theory},
	author={Kearns, Michael J and Vazirani, Umesh},
	year={1994},
	publisher={MIT press}
}

@techreport{rfc2408,
	title = {{Internet Security Association and Key Management Protocol}},
	author = {Maughan and Schertler and Schneider and Turner},
	howpublished = {{Internet Requests for Comments}},
	type = {{RFC}},
	number = 2408,
	year = {1998}
}

@misc{zalewskiafl,
	author = {Zalewski},
	title = {american fuzzy lop},
	year = {2020},
	publisher = {GitHub},
	journal = {AFL},
	howpublished = {\url{https://github.com/google/AFL}},
}

@misc{pereyda2019boofuzz,
	title={boofuzz Documentation},
	author={Pereyda, Joshua},
	year={2022},
	howpublished = {\url{https://boofuzz.readthedocs.io/}}
}


% images
@online{pict,
	author  = {Deetah},
	title   = {American Fuzzy Lop screenshot},
	year    = {2015},
	urlseen = {2023},
	url     = {\url{https://upload.wikimedia.org/wikipedia/commons/0/05/American_fuzzy_lop%27s_afl-fuzz_running_on_a_test_program.png}}
}