
% Example Biblatex Entries
% ========================

%  Author  :  Benjamin Wunderling, TU Graz, Austria

@TechReport{nist791491,
	author = {Elaine Barker and Quynh Dang and Sheila Frankel and Karen Scarfone and Paul Wouters},
	title = {{Guide to {IPsec} {VPNs}}},
	institution = {Special Publication (NIST SP), National Institute of Standards and Technology, Gaithersburg, MD},
	year = {2020},
	number = {800-77},
	month = {June},
	OPTnote = {https://doi.org/10.6028/NIST.SP.800-77r1},
}


@misc{avm2022,
	author = {{AVM Computersysteme Vertriebs GmbH}},
	title = {{Connecting the FRITZ!Box with a company's VPN}},
	year = {2022},
	howpublished = "\url{https://en.avm.de/service/vpn/connecting-the-fritzbox-with-a-companys-vpn-ipsec/}",
	note = {Online; accessed 13-January-2023}
}

@article{angluin1987learning,
	title={Learning regular sets from queries and counterexamples},
	author={Angluin, Dana},
	journal={Information and computation},
	volume={75},
	number={2},
	pages={87--106},
	year={1987},
	issn = {0890-5401},
	doi = {https://doi.org/10.1016/0890-5401(87)90052-6}
}

@inproceedings{pferscher2021fingerprinting,
	title={Fingerprinting {Bluetooth} {Low} {Energy} devices via active automata learning},
	author={Pferscher, Andrea and Aichernig, Bernhard K},
	booktitle={Formal Methods: 24th International Symposium, FM 2021s Proceedings 24},
	pages={524--542},
	year={2021},
	publisher={Springer}
}

@inproceedings{Isberner2014TTT,
	title={{The TTT Algorithm: A Redundancy-Free Approach to Active Automata Learning}},
	author={Isberner, Malte and Howar, Falk and Steffen, Bernhard},
	booktitle={International Conference on Runtime Verification},
	pages={307--322},
	year={2014}
}

@inproceedings{pferscher2022fuzzing,
	title={{Stateful Black-Box Fuzzing of Bluetooth Devices Using Automata Learning}},
	author={Pferscher, Andrea and Aichernig, Bernhard K},
	booktitle={NASA Formal Methods Symposium},
	pages={373--392},
	year={2022},
	publisher={Springer}
}

@misc{nordvpn2021,
	title={The best {VPN} protocols},
	author={Jomilė Nakutavičiūtė},
	publisher={{NordVPN}},
	howpublished = "\url{https://nordvpn.com/de/blog/protocols/}",
	year={2021},
	note="{NordVPN} [Online; accessed 31-August-2023]"
}

@TechReport{ferguson1999cryptographic,
	author = {Ferguson, Niels and Schneier, Bruce},
	title = {A cryptographic evaluation of {IPsec}},
	institution = {Counterpane Internet Security, Inc.},
	year = {1999},
	note = {https://api.semanticscholar.org/CorpusID:16387997}
}


@article{guo2019model,
	title={Model learning and model checking of {IPsec} implementations for {Internet} of {Things}},
	author={Guo, Jiaxing and Gu, Chunxiang and Chen, Xi and Wei, Fushan},
	journal={IEEE Access},
	volume={7},
	pages={171322--171332},
	year={2019},
	publisher={IEEE}
}

@inproceedings{DBLP:conf/cav/Fiterau-Brostean16,
	author    = {Paul Fiterau{-}Brostean and
	Ramon Janssen and
	Frits W. Vaandrager},
	title     = {{Combining Model Learning and Model Checking to Analyze TCP Implementations}},
	booktitle = {Computer Aided Verification - 28th International Conference, {CAV}
	2016, Toronto, ON, Canada, July 17-23, 2016, Proceedings, Part {II}},
	series    = {Lecture Notes in Computer Science},
	volume    = {9780},
	pages     = {454--471},
	publisher = {Springer},
	year      = {2016},
	url       = {https://doi.org/10.1007/978-3-319-41540-6\_25},
	doi       = {10.1007/978-3-319-41540-6\_25},
	timestamp = {Tue, 14 May 2019 10:00:43 +0200},
	biburl    = {https://dblp.org/rec/conf/cav/Fiterau-Brostean16.bib},
	bibsource = {dblp computer science bibliography, https://dblp.org}
}

@inproceedings{DBLP:conf/spin/Fiterau-Brostean17,
	author    = {Paul Fiterau{-}Brostean and
	Toon Lenaerts and
	Erik Poll and
	Joeri de Ruiter and
	Frits W. Vaandrager and
	Patrick Verleg},
	title     = {Model learning and model checking of {SSH} implementations},
	booktitle = {Proceedings of the 24th {ACM} {SIGSOFT} International {SPIN} Symposium
	on Model Checking of Software, Santa Barbara, CA, USA, July 10-14,
	2017},
	pages     = {142--151},
	publisher = {{ACM}},
	year      = {2017},
	url       = {https://doi.org/10.1145/3092282.3092289},
	doi       = {10.1145/3092282.3092289},
	timestamp = {Thu, 14 Oct 2021 10:26:01 +0200},
	biburl    = {https://dblp.org/rec/conf/spin/Fiterau-Brostean17.bib},
	bibsource = {dblp computer science bibliography, https://dblp.org}
}

@phdthesis{novickis2016protocol,
	title={Protocol state fuzzing of an {OpenVPN}},
	author={Novickis, Tomas and Poll, Erik and Altan, Kadir},
	year={2016},
	school={Radboud University}
}

@inproceedings{Rivest1993Inference,
	title={{Inference of Finite Automata Using Homing Sequences}},
	author={Rivest, Ronald L. and Schapire, Robert E.},
	booktitle={Proceedings of the twenty-first annual ACM symposium on Theory of computing},
	pages={411--420},
	year={1989},
}

@inproceedings{daniel2018inferring,
	title={Inferring {OpenVPN} state machines using protocol state fuzzing},
	author={Daniel, Lesly-Ann and Poll, Erik and de Ruiter, Joeri},
	booktitle={2018 IEEE European Symposium On Security And Privacy Workshops (Euros\&PW)},
	pages={11--19},
	year={2018},
	publisher={IEEE}
}

@INPROCEEDINGS{tappler2017,  
	author={Tappler, Martin and Aichernig, Bernhard K. and Bloem, Roderick},  
	booktitle={2017 IEEE International Conference on Software Testing, Verification and Validation ({ICST})},   
	title={{Model-Based Testing IoT Communication via Active Automata Learning}},   
	year={2017},  
	pages={276-287},  
	doi={10.1109/ICST.2017.32},
	publisher={IEEE}
}

@inproceedings{hungar2003domain,
	title={Domain-specific optimization in automata learning},
	author={Hungar, Hardi and Niese, Oliver and Steffen, Bernhard},
	booktitle={Computer Aided Verification: 15th International Conference, CAV 2003, Boulder, CO, USA, July 8-12, 2003. Proceedings 15},
	pages={315--327},
	year={2003},
	organization={Springer}
}

@inproceedings{shahbaz2009inferring,
	title={Inferring mealy machines},
	author={Shahbaz, Muzammil and Groz, Roland},
	booktitle={FM 2009: Formal Methods: Second World Congress, Eindhoven, The Netherlands, November 2-6, 2009. Proceedings 2},
	pages={207--222},
	year={2009},
	organization={Springer}
}


@inproceedings{Niese2003AnIA,
	title={An integrated approach to testing complex systems},
	author={Oliver Niese},
	year={2003}
}

@book{KV1994,
	title={An introduction to computational learning theory},
	author={Kearns, Michael J and Vazirani, Umesh},
	year={1994},
	publisher={MIT press}
}

@techreport{rfc:isakmp,
	title = {{Internet Security Association and Key Management Protocol}},
	author = {Maughan and Schertler and Schneider and Turner},
	institution = {{The Internet Society}},
	howpublished = {{Internet Requests for Comments}},
	type = {{RFC}},
	number = 2408,
	year = {1998},
	publisher = {RFC Editor},
	note = {https://www.rfc-editor.org/rfc/rfc2408.html}
}

@misc{zalewskiafl,
	author = {Zalewski, Michal},
	title = {american fuzzy lop},
	year = {2020},
	publisher = {GitHub},
	journal = {AFL},
	howpublished = {\url{https://github.com/google/AFL}}
}

@inproceedings {AFLplusplus-Woot20,
	author = {Andrea Fioraldi and Dominik Maier and Heiko Ei{\ss}feldt and Marc Heuse},
	title = {{AFL++}: Combining Incremental Steps of Fuzzing Research},
	booktitle = {14th {USENIX} Workshop on Offensive Technologies ({WOOT} 20)},
	year = {2020},
	publisher = {{USENIX} Association},
	month = aug,
}

@misc{topdappdh,
	author = {{TOPDapp}},
	title = {{py-diffie-hellman}},
	year = {2021},
	publisher = {GitHub},
	howpublished = {\url{https://github.com/TOPDapp/py-diffie-hellman}},
	note = "[Online; accessed 22-November-2022]"
}

@misc{serebryany-libfuzzer,
	author = "K. Serebryany",
	title = "{libFuzzer: a library for coverage-guided fuzz testing}",
	year = "2015",
	howpublished = "\url{https://llvm.org/docs/LibFuzzer.html}",
	note = "{LLVM Project} [Online; accessed 19-April-2023]"
}

@misc{swiecki-honggfuzz,
	author = "Robert Swiecki et al.",
	title = "{Honggfuzz}",
	year = "2016",
	howpublished = "\url{https://github.com/google/honggfuzz}",
	note = "[Online; accessed 01-September-2023]"
}

@misc{pereyda2019boofuzz,
	title={{boofuzz Documentation}},
	author={Pereyda, Joshua},
	year={2022},
	howpublished = "\url{https://boofuzz.readthedocs.io/}",
	note = "[Online; accessed 19-April-2023]"
}

% images
@misc{pict,
	author  = {Deetah},
	title   = {{American Fuzzy Lop Screenshot}},
	year    = {2015},
	urlseen = {2023},
	howpublished = "\url{https://upload.wikimedia.org/wikipedia/commons/0/05/American_fuzzy_lop's_afl-fuzz_running_on_a_test_program.png}",
	url     = {https://upload.wikimedia.org/wikipedia/commons/0/05/American_fuzzy_lop's_afl-fuzz_running_on_a_test_program.png},
	note	= "[Online; accessed 30-May-2023]"
}

@article{DBLP:journals/cacm/FeldmannGLPPDWW21,
	author = {Anja Feldmann and
	Oliver Gasser and
	Franziska Lichtblau and
	Enric Pujol and
	Ingmar Poese and
	Christoph Dietzel and
	Daniel Wagner and
	Matthias Wichtlhuber and
	Juan Tapiador and
	Narseo Vallina{-}Rodriguez and
	Oliver Hohlfeld and
	Georgios Smaragdakis},
	title = {A year in lockdown: how the waves of {COVID-19} impact internet traffic},
	journal = {Communications of the {ACM}},
	volume    = {64},
	number    = {7},
	pages     = {101--108},
	year      = {2021},
	url       = {https://doi.org/10.1145/3465212},
	doi       = {10.1145/3465212},
	timestamp = {Thu, 14 Oct 2021 09:00:15 +0200},
	biburl    = {https://dblp.org/rec/journals/cacm/FeldmannGLPPDWW21.bib},
	bibsource = {dblp computer science bibliography, https://dblp.org}
}

@techreport{rfc:ikev1,
	author = {Harkins Carrel},
	title = {{The Internet Key Exchange (IKE)}},
	institution = {{The Internet Society}},
	howpublished = {Internet Requests for Comments},
	type = {RFC},
	number = 2409,
	year = {1998},
	month = {January},
	publisher = {RFC Editor},
	note = {https://www.rfc-editor.org/rfc/rfc2409.txt}
}

@techreport{rfc:ikev2,
	author = {Kaufman Hoffman Nir Eronen},
	title = {{Internet Key Exchange Protocol Version 2 (IKEv2)}},
	institution = {{The Internet Society}},
	howpublished = {Internet Requests for Comments},
	type = {RFC},
	number = 5996,
	year = {2010},
	month = {September},
	issn = {2070-1721 },
	publisher = {RFC Editor},
	note = {https://www.rfc-editor.org/rfc/rfc5996.txt}
}

@InProceedings{software:learnlib,
	author="Isberner, Malte
	and Howar, Falk
	and Steffen, Bernhard",
	title={{The Open-Source LearnLib}},
	booktitle="Computer Aided Verification",
	year="2015",
	publisher="Springer International Publishing",
	address="Cham",
	pages="487--495",
	abstract="In this paper, we present LearnLib, a library for active automata learning. The current, open-source version of LearnLib was completely rewritten from scratch, incorporating the lessons learned from the decade-spanning development process of the previous versions of LearnLib. Like its immediate predecessor, the open-source LearnLib is written in Java to enable a high degree of flexibility and extensibility, while at the same time providing a performance that allows for large-scale applications. Additionally, LearnLib provides facilities for visualizing the progress of learning algorithms in detail, thus complementing its applicability in research and industrial contexts with an educational aspect.                                                                                ",
	isbn="978-3-319-21690-4"
}

@misc{doc:strongswan,
	author = "{strongSwan Documentation}",
	title = "{strongSwan} documentation",
	howpublished = "\url{https://docs.strongswan.org/docs/5.9/}",
	year = "2021",
	url = "https://docs.strongswan.org/docs/5.9/",
	urldate = "2023-04-26"
}

@misc{doc:libreswan,
	author = "{The {Libreswan} Project}",
	title = {{libreswan} documentation},
	howpublished = "\url{https://libreswan.org/wiki/}",
	year = "2021",
	url = "https://libreswan.org/wiki/",
	note = "[Online; accessed 26-April-2023]"
}

@misc{britton2013reversible,
	author       = {Britton, Tom and Jeng, Li-Jung and Carver, Gary and Cheak, Pei-Yuan and Katzenellenbogen, Toby},
	title        = {{Reversible debugging software}},
	year         = {2013},
	howpublished = {Cambridge Judge Business School},
	url = {http://citeseerx.ist.psu.edu/viewdoc/download?doi=10.1.1.444.9094}
}

@misc{doc:wireshark,
	author       = {Sharpe, Richard and Warnicke, Ed and Lamping, Ulf},
	title        = {{Wireshark User's Guide}},
	year         = {n.d.},
	howpublished  = {\url{https://www.wireshark.org/docs/wsug_html_chunked/}},
	note         = "[Online; accessed 28-April-2023]"
}

@article{software:aalpy,
	author = {Muškardin, Edi and Aichernig, Bernhard K and Pill, Ingo and Pferscher, Andrea and Tappler, Martin},
	year = {2022},
	month = {03},
	pages = {1--10},
	title = {{AALpy: an active automata learning library}},
	volume = {18},
	journal = {Innovations in Systems and Software Engineering},
	doi = {10.1007/s11334-022-00449-3}
}

@inproceedings{DBLP:conf/uss/RuiterP15,
	author    = {Joeri de Ruiter and
	Erik Poll},
	title     = {Protocol State Fuzzing of {TLS} Implementations},
	booktitle = {24th {USENIX} Security Symposium, {USENIX} Security 15, Washington,
	D.C., USA, August 12-14, 2015},
	pages     = {193--206},
	publisher = {{USENIX} Association},
	year      = {2015},
	url       = {https://www.usenix.org/conference/usenixsecurity15/technical-sessions/presentation/de-ruiter},
	timestamp = {Mon, 01 Feb 2021 08:42:58 +0100},
	biburl    = {https://dblp.org/rec/conf/uss/RuiterP15.bib},
	bibsource = {dblp computer science bibliography, https://dblp.org}
}

@inproceedings{DBLP:conf/esorics/StoneCR18,
	author    = {Chris McMahon Stone and
	Tom Chothia and
	Joeri de Ruiter},
	title     = {Extending Automated Protocol State Learning for the 802.11 4-Way Handshake},
	booktitle = {Computer Security - 23rd European Symposium on Research in Computer
	Security, {ESORICS} 2018, Barcelona, Spain, September 3-7, 2018, Proceedings,
	Part {I}},
	series    = {Lecture Notes in Computer Science},
	volume    = {11098},
	pages     = {325--345},
	publisher = {Springer},
	year      = {2018},
	url       = {https://doi.org/10.1007/978-3-319-99073-6\_16},
	doi       = {10.1007/978-3-319-99073-6\_16},
	timestamp = {Thu, 14 Oct 2021 09:49:15 +0200},
	biburl    = {https://dblp.org/rec/conf/esorics/StoneCR18.bib},
	bibsource = {dblp computer science bibliography, https://dblp.org}
}

@article{miller1990empirical,
	title={{An empirical study of the reliability of UNIX utilities}},
	author={Miller, Barton P and Fredriksen, Lars and So, Bryan},
	journal={Communications of the ACM},
	volume={33},
	number={12},
	pages={32--44},
	year={1990},
	publisher={ACM New York, NY, USA}
}

@incollection{fuzzingbook2023:SearchBasedFuzzer,
	author = {Andreas Zeller and Rahul Gopinath and Marcel B{\"o}hme and Gordon Fraser and Christian Holler},
	booktitle = {{The Fuzzing Book}},
	title = {Search-Based Fuzzing},
	year = {2023},
	publisher = {CISPA Helmholtz Center for Information Security},
	howpublished = {\url{https://www.fuzzingbook.org/html/SearchBasedFuzzer.html}},
	note = "[Online; accessed 07-January-2023]",
	url = {https://www.fuzzingbook.org/html/SearchBasedFuzzer.html},
	urldate = {2023-01-07 15:11:42+01:00}
}

@article{ikefuzz13,
	author = {Yang, Huan and Zhang, Yuqing and Hu, Yu-pu and Liu, Qi-xu},
	title = {{IKE vulnerability discovery based on fuzzing}},
	journal = {Security and Communication Networks},
	volume = {6},
	number = {7},
	pages = {889-901},
	publisher={Wiley Online Library},
	doi = {https://doi.org/10.1002/sec.628},
	url = {https://onlinelibrary.wiley.com/doi/abs/10.1002/sec.628},
	year = {2013}
}

@InProceedings{svcov22,
	author={Tian, Kai and Wei, Fushan and Gu, Chunxiang and Shi, Yanan},
	title={{Analysis of Vulnerability of IPsec Protocol Implementation Based on Differential Fuzzing}},
	booktitle={Security and Privacy in New Computing Environments},
	year={2022},
	publisher={Springer},
	pages={282--293},
	isbn={978-3-030-96791-8}
}

@inproceedings{serebryany2017oss,
	title={{OSS-Fuzz-Google’s continuous fuzzing service for open source software}},
	author={Serebryany, Kostya},
	booktitle={USENIX Security symposium},
	year={2017},
	organization={USENIX Association}
}

@misc{strongswan-ietf,
	author = {{strongSwan} Project},
	title = "{IPsec and Related Standards}",
	howpublished = "\url{https://docs.strongswan.org/docs/5.9/features/ietf.html}",
	year = "2021",
	note = "[Online; accessed 13-May-2023]"
}

@inproceedings{tsankov,
	title = {{Semi-valid input coverage for fuzz testing}},
	author = {Tsankov, Petar and Dashti, Mohammad and Basin, David},
	year = {2013},
	month = {07},
	pages = {56--66},
	booktitle = {2013 International Symposium on Software Testing and Analysis, ISSTA 2013 - Proceedings},
	doi = {10.1145/2483760.2483787},
	publisher = {Association for Computing Machinery}
}

@article{shortpaper,
	title={{Mining Digital Twins of a VPN Server}},
	author={Muškardin, Edi and Aichernig, Bernhard K and Pferscher, Andrea and Wunderling, Benjamin},
	journal={Preproceedings of the Workshop on Applications of Formal Methods and Digital Twins},
	isbn={978-82-7368-605-3},
	year={2023},
	publisher={Informatics Library University of Oslo}
}

@Manual{dot,
	title = {Drawing graphs with dot},
	organization = {AT\&T Research.},
	author = {Ellson, John and Gansner, Emden and North, Stephen and Koutsofios, Eleftherios},
	year = {2022},
	month = {October},
	address = "\url{https://www.graphviz.org/doc/info/lang.html}",
	note = "[Online; accessed 31-August-2023]"
}
