
% Writing Style, etc.
% ===================


% Books
% -----


@book{Alley-CraftScientificWriting-4Ed,
  author       = "Michael Alley",
  title        = "The Craft of Scientific Writing",
  publisher    = "Springer",
  edition      = "4",
  date         = "2018-04-06",
  isbn         = "1441982876",
  pagetotal    = "298",
}
% ISBN-10: 1441982876
% ISBN-13: 978-1441982872
% craftofscientificwriting.com

@book{Alley-CraftScientificWriting-3Ed,
  author       = "Michael Alley",
  title        = "The Craft of Scientific Writing",
  publisher    = "Springer",
  edition      = "3",
  date         = "1998",
  isbn         = "0387947663",
  pagetotal    = "282",
}
% I own 3Ed



@book{Booth-CommunicatingScience-2Ed,
  author       = "Vernon Booth",
  title        = "Communicating in Science: Writing a Scientific
                  Paper and Speaking at Scientific Meetings",
  publisher    = "Cambridge University Press",
  edition      = "2",
  date         = "1993",
  isbn         = "0521429153",
}


@book{Booth-CraftResearch-4Ed,
  author       = "Wayne C. Booth and Gregory G. Colomb and
                  Joseph M. Williams and Joseph Bizup and
                  William T. Fitzgerald",
  title        = "The Craft of Research",
  publisher    = "University Of Chicago Press",
  edition      = "4",
  date         = "2016-10-28",
  isbn         = "022623973X",
  pagetotal    = "334",
}
% ISBN-10: 022623973X
% ISBN-13: 978-0226239736

@book{Booth-CraftResearch-3Ed,
  author       = "Wayne C. Booth and Gregory G. Colomb and
                  Joseph M. Williams",
  title        = "The Craft of Research",
  publisher    = "University Of Chicago Press",
  edition      = "3",
  date         = "2008-04-15",
  isbn         = "0226065669",
  pagetotal    = "336",
}



@book{UserManualManual,
  author       = "Michael Bremer",
  title        = "The User Manual Manual",
  publisher    = "{UnTechnical} Press",
  date         = "1999",
  isbn         = "0966994914",
}

@book{BugsInWriting,
  author       = "Lyn Dupr√©",
  title        = "Bugs in Writing: A Guide to Debugging Your Prose",
  publisher    = "Addison-Wesley",
  edition      = "2",
  date         = "1998",
  isbn         = "020137921X",
}

@book{EcoWieSchreibt,
  author       = "Umberto Eco",
  title        = "Wie man eine wissenschaftliche Abschlussarbeit schreibt",
  publisher    = "UTB",
  edition      = "13",
  date         = "2010",
  isbn         = "3825215121",
}


@book{SkernScientificEnglish,
  author       = "Tim Skern",
  title        = "Writing Scientific English: A Workbook",
  publisher    = "Facultas",
  address      = "Vienna, Austria",
  date         = "2009",
  isbn         = "3825231127",
}



@book{StrunkWhite-4Ed,
  author       = "Strunk, Jr, William and Elwyn Brooks White",
  title        = "The Elements of Style",
  publisher    = "Longman",
  edition      = "4",
  date         = "1999",
  isbn         = "020530902X",
}
% http://jlakes.org/ch/web/The-elements-of-style.pdf


@book{Zobel-WritingCompSci,
  author       = "Justin Zobel",
  title        = "Writing for Computer Science",
  edition      = "2",
  publisher    = "Springer",
  date         = "2004",
  isbn         = "1852338024",
}



@book{Phillips-HowGetPhD,
  author       = "Estelle M. Phillips and Derek S. Pugh",
  title        = "How to Get a PhD",
  edition      = "4",
  publisher    = "Open University Press",
  date         = "2005",
  isbn         = "0335216846",
}


@book{Anderson-Plagiarism,
  author       = "Judy Anderson",
  title        = "Plagiarism, Copyright Violation and Other
                  Thefts of Intellectual Property",
  publisher    = "McFarland",
  date         = "1998",
  isbn         = "0786404639",
}


@book{Zinsser-OnWritingWell-7Ed,
  author       = "William K. Zinsser",
  title        = "On Writing Well",
  edition      = "7",
  publisher    = "Harper",
  date         = "2006-09-02",
  isbn         = "0060891548",
  pagetotal    = "336",
}
% ISBN-10: 0060891548
% ISBN-13: 978-0060891541
% http://richardcolby.net/writ2000/wp-content/uploads/2017/09/On-Writing-Well-30th-Anniversa-Zinsser-William.pdf
% https://archive.org/details/OnWritingWell



@book{NewOxfordStyleManual-3Ed,
  author       = "{OUP}",
  title        = "New Oxford Style Manual",
  edition      = "3",
  publisher    = "Oxford University Press",
  date         = "2016-03-24",
  isbn         = "0198767250",
  pagetotal    = "928",
}
% ISBN-10: 0198767250
% ISBN-13: 978-0198767251
% combines New Hart's Rules (grammar)
% with New Oxford Dictionary for Writers and Editors (usage).


@book{EconomistStyleGuide-12Ed,
  author       = "Ann Wroe",
  title        = "The Economist Style Guide",
  edition      = "12",
  publisher    = "Economist Books",
  date         = "2018-05-03",
  isbn         = "1781258317",
  pagetotal    = "288",
}
% ISBN-10: 1781258317
% ISBN-13: 978-1781258316
% a-z index of examples
% but great chapter on diff between uk and us english



% Practical English Usage, 4th edition
% Michael Swan
% Paperback: 768 pages
% Publisher: OUP Oxford; 4 edition (22 Dec. 2016)
% Language: English
% ISBN-10: 0194202437
% ISBN-13: 978-0194202435
% a-z index of examples
% like Economist Style Guide but much bigger




@book{ChicagoManualStyle-17Ed,
  author       = "{UCP}",
  title        = "The Chicago Manual of Style",
  edition      = "17",
  publisher    = "University of Chicago Press",
  date         = "2017-09-05",
  isbn         = "022628705X",
  pagetotal    = "1146",
}

% The Chicago Manual of Style, 17th Edition
% https://www.chicagomanualofstyle.org/
% Hardcover: 1146 pages
% Publisher: University of Chicago Press; Seventeenth edition (September 5, 2017)
% Language: English
% ISBN-10: 022628705X
% ISBN-13: 978-0226287058




% Journal Articles
% ----------------

@article{Reisman2005,
  author       = "Sorel Reisman",
  title        = "Plagiarism or Ignorance? You Decide",
  journal      = "IT Professional",
  issn         = "1520-9202",
  date         = "2005-01",
  volume       = "7",
  number       = "1",
  pages        = "7--8",
  doi          = "10.1109/MITP.2005.16",
}





% Online Resources
% ----------------


@booklet{ACM-DL,
  author       = "{ACM}",
  title        = "ACM Digital Library",
  date         = "2021-11-10",
  url          = "https://dl.acm.org/",
  urldate      = "2021-11-10",
  note         = "Full access to PDFs from IP addresses within TU Graz.",
}
% Full access to PDFs from IP addresses within TU Graz



@booklet{IEEE-DL,
  author       = "{IEEE}",
  title        = "IEEE Xplore Digital Library",
  date         = "2021-11-10",
  url          = "https://ieeexplore.ieee.org/",
  urldate      = "2021-11-10",
  note         = "Full access to PDFs from IP addresses within TU Graz.",
}
% Full access to PDFs from IP addresses within TU Graz




@booklet{CiteSeer,
  author       = "{PSU}",
  title        = "CiteSeerX",
  howpublished = "Pennsylvania State University",
  date         = "2021-11-10",
  url          = "https://citeseer.ist.psu.edu/",
  urldate      = "2021-11-10",
}


@booklet{Mendeley,
  author       = "Jan Reichelt",
  title        = "Mendeley",
  date         = "2021-11-10",
  url          = "https://mendeley.com/",
  urldate      = "2021-11-10",
}





@booklet{KeithThesis,
  author       = "Keith Andrews",
  title        = "Writing a Thesis: Guidelines for Writing
                  a Master's Thesis in Computer Science",
  howpublished = "Graz University of Technology, Austria",
  date         = "2021-11-10",
  url          = "https://ftp.isds.tugraz.at/pub/keith/thesis/",
  urldate      = "2021-11-10",
}


@booklet{KeithSurvey,
  author       = "Keith Andrews",
  title        = "Writing a Survey Paper: Guidelines for Writing
                  a Survey Paper in Computer Science",
  howpublished = "Graz University of Technology, Austria",
  date         = "2021-11-10",
  url          = "https://ftp.isds.tugraz.at/pub/keith/survey/",
  urldate      = "2021-11-10",
}



@booklet{Strunk-1Ed,
  author       = "Strunk, Jr, William",
  title        = "The Elements of Style",
  edition      = "1",
  date         = "1918",
  url          = "https://gutenberg.org/files/37134/37134-h/37134-h.htm",
}
% http://gutenberg.org/ebooks/37134
% http://gutenberg.org/files/37134/37134-h/37134-h.htm
% http://bartleby.com/141/


@booklet{GoogleStyleGuide,
  author       = "{Google}",
  title        = "Google Developer Documentation Style Guide",
  date         = "2019-01-14",
  url          = "https://developers.google.com/style/",
  urldate      = "2019-01-27",
}
% https://techcrunch.com/2017/09/07/google-publishes-its-documentation-style-guide-for-developers/


@booklet{DictionaryCom,
  author       = "{Dictionary.com}",
  title        = "{Dictionary.com}",
  date         = "2018",
  url          = "https://dictionary.com/",
  urldate      = "2018-12-29",
}

@booklet{DictLeoOrg,
  author       = "{Leo}",
  title        = "{Leo English-German Dictionary}",
  date         = "2018",
  url          = "https://dict.leo.org/",
  urldate      = "2018-12-29",
}

@booklet{DictChemnitz,
  author       = "{TU Chemnitz}",
  title        = "{BEOLINGUS} -- Your Online Dictionary",
  date         = "2018",
  url          = "https://dict.tu-chemnitz.de/",
  urldate      = "2018-12-29",
}



@booklet{ThesaurusCom,
  author       = "{Dictionary.com}",
  title        = "{thesaurus.com}",
  date         = "2018",
  url          = "https://thesaurus.com/",
  urldate      = "2018-12-29",
}

@booklet{CollinsThesaurus,
  author       = "{Collins}",
  title        = "Collins English Thesaurus",
  date         = "2018",
  url          = "https://collinsdictionary.com/dictionary/english-thesaurus",
  urldate      = "2018-12-29",
}







@booklet{EnglishAcademicPurposes,
  author       = "Andy Gillett",
  title        = "Using English for Academic Purposes",
  date         = "2021-10-24",
  url          = "http://uefap.co.uk/",
  urldate      = "2021-11-10",
}



@booklet{WisconsinGuide,
  author       = "{The Writing Center}",
  title        = "The Writer's Handbook",
  howpublished = "University of Wisconsin, Madison",
  date         = "2021-11-10",
  url          = "https://writing.wisc.edu/handbook/",
  urldate      = "2021-11-10",
}


@booklet{NASAGuide,
  author       = "Mary K. McCaskill",
  title        = "Grammar, Punctuation, and Capitalization:
                  A Handbook for Technical Writers and Editors",
  howpublished = "NASA Langley Research Center SP-7084",
  date         = "1990-01-01",
  url          = "https://ntrs.nasa.gov/citations/19900017394",
  urldate      = "2012-10-22",
}
% https://ntrs.nasa.gov/citations/19900017394
% https://ntrs.nasa.gov/api/citations/19900017394/downloads/19900017394.pdf


@booklet{ICAI,
  author       = "{ICAI}",
  title        = "International Center for Academic Integrity",
  date         = "2021-11-10",
  url          = "https://academicintegrity.org/",
  urldate      = "2021-11-10",
}

@booklet{PlagiarismOrg,
  author       = "{iParadigms}",
  title        = "{Plagiarism.org}",
  date         = "2021-11-10",
  url          = "https://plagiarism.org/",
  urldate      = "2021-11-10",
}

@booklet{FremdeFedern,
  author       = "Debora Weber-Wulff",
  title        = "Fremde Federn: Plagiat Ressourcen",
  date         = "2021-11-10",
  url          = "https://plagiat.htw-berlin.de/",
  urldate      = "2021-11-10",
}

@booklet{AufdeckungPlagiaten,
  author       = "Debora Weber-Wulff",
  title        = "Aufdeckung von Plagiaten:
                  Suchen im Internet f√ºr Lehrkr√§fte",
  date         = "2002-07-31",
  url          = "https://people.f4.htw-berlin.de/~weberwu/papers/plagiat.shtml",
  urldate      = "2021-11-10",
}
% https://people.f4.htw-berlin.de/~weberwu/papers/plagiat.shtml



@booklet{UrhG,
  author       = "{BKA}",
  title        = "Urheberrechtsgesetz",
  howpublished = "Bundeskanzleramt Rechtsinformationssystem des Bundes (RIS)",
  date         = "2021-11-10",
  url          = "http://ris.bka.gv.at/GeltendeFassung.wxe?Abfrage=Bundesnormen&Gesetzesnummer=10001848",
  urldate      = "2021-11-10",
}
% http://www.ris.bka.gv.at/GeltendeFassung.wxe?Abfrage=Bundesnormen&Gesetzesnummer=10001848


@booklet{UrhG-Novelle-2015,
  author       = "{Austrian Parliament}",
  title        = "Urheberrechts-Novelle 2015",
  howpublished = "Republik √ñsterreich Parlament",
  date         = "2015-11",
  url          = "https://parlament.gv.at/PAKT/VHG/XXV/ME/ME_00132/",
  urldate      = "2021-11-10",
}


% dead
@booklet{KBLaw,
  author       = "{KB:Law}",
  title        = "Knowledge Base Law Copyright",
  date         = "2012",
  url          = "http://kb-law.info/",
  urldate      = "2012-10-22",
}
% http://kb-law.info/
% http://kb-law.info/wt_dev/kbc.php?group=4&land=AT&lang=DE



@booklet{Wikipedia-Zitat,
  author       = "{Wikipedia}",
  title        = "Zitat",
  date         = "2012-10-16",
  url          = "https://de.wikipedia.org/wiki/Zitat",
  urldate      = "2012-10-22",
}


@booklet{WB-Capitalisation,
  key          = "{WB}",
  author       = "{Writer's Block}",
  title        = "Capitalization in Titles",
  date         = "1998-03",
  url          = "https://web.archive.org/web/20130117225252/http://writersblock.ca/tips/monthtip/tipmar98.htm",
  urldate      = "2013-01-17",
}
% ISSN: 1488-4801
% https://web.archive.org/web/20130117225252/http://writersblock.ca/tips/monthtip/tipmar98.htm




@booklet{Wikipedia-UTF8,
  author       = "{Wikipedia}",
  title        = "UTF-8",
  date         = "2012-10-09",
  url          = "https://wikipedia.org/wiki/Utf-8",
  urldate      = "2012-10-22",
}


@booklet{Unicode-Charts,
  author       = "{Unicode Consortium}",
  title        = "Unicode 6.2 Character Code Charts",
  date         = "2012-10-04",
  url          = "https://unicode.org/charts/",
  urldate      = "2012-10-22",
}


@booklet{ACM-Policy,
  author       = "{ACM}",
  title        = "ACM Author Rights and Publishing Policy",
  date         = "2016-01-12",
  url          = "https://acm.org/publications/policies/copyright_policy",
  urldate      = "2016-09-15",
}



@booklet{CC-Licences,
  author       = "{CC}",
  title        = "About The Licenses",
  howpublished = "Creative Commons",
  date         = "2017-11-07",
  url          = "https://creativecommons.org/licenses/",
  urldate      = "2019-03-27",
}


% Unsorted
@inproceedings{abhijith2020impact,
	title={Impact Of {VPN} Technology On It Industry During Covid-19 Pandemic},
	author={Abhijith, M and Senthilvadivu, K},
	booktitle={IJEAST},
	year={2020}
}

@misc{nist791491,
	author = {Elaine Barker and Quynh Dang and Sheila Frankel and Karen Scarfone and Paul Wouters},
	title = {Guide to {IPsec} {VPNs}},
	publisher = {Special Publication (NIST SP), National Institute of Standards and Technology, Gaithersburg, MD},
	doi = {https://doi.org/10.6028/NIST.SP.800-77r1},
	language = {en},
}

@Misc{avm2022,
	author = {AVM Computersysteme Vertriebs GmbH},
	title = {Connecting the {FRITZ!Box} with a company's {VPN}},
	howpublished = {https://en.avm.de/service/vpn/tips-tricks/connecting-the-fritzbox-with-a-companys-vpn/},
	note = {Accessed: 2022-09-09},
}

@article{angluin1987learning,
	title={Learning regular sets from queries and counterexamples},
	author={Angluin, Dana},
	journal={Information and computation},
	volume={75},
	number={2},
	pages={87--106},
	year={1987},
	publisher={Elsevier}
}

@inproceedings{pferscher2021fingerprinting,
	title={Fingerprinting {Bluetooth} {Low} {Energy} devices via active automata learning},
	author={Pferscher, Andrea and Aichernig, Bernhard K},
	booktitle={International Symposium on Formal Methods},
	pages={524--542},
	year={2021},
	organization={Springer}
}

@article{muvskardin2022aalpy,
	title={{AALpy}: an active automata learning library},
	author={Mu{\v{s}}kardin, Edi and Aichernig, Bernhard K and Pill, Ingo and Pferscher, Andrea and Tappler, Martin},
	journal={Innovations in Systems and Software Engineering},
	pages={1--10},
	year={2022},
	publisher={Springer}
}

@inproceedings{pferscher2022fuzzing,
	title={Stateful Black-Box Fuzzing of {Bluetooth} Devices Using Automata Learning},
	author={Pferscher, Andrea and Aichernig, Bernhard K},
	booktitle={NASA Formal Methods Symposium},
	pages={373--392},
	year={2022},
	organization={Springer}
}

@article{ANGLUIN198787,
	title = {Learning regular sets from queries and counterexamples},
	journal = {Information and Computation},
	volume = {75},
	number = {2},
	pages = {87-106},
	year = {1987},
	issn = {0890-5401},
	doi = {https://doi.org/10.1016/0890-5401(87)90052-6},
	url = {https://www.sciencedirect.com/science/article/pii/0890540187900526},
	author = {Dana Angluin}
}

@article{ferguson1999cryptographic,
	title={A cryptographic evaluation of {IPsec}},
	author={Ferguson, Niels and Schneier, Bruce},
	year={1999}
}

@techreport{kaufman2014internet,
	title={Internet key exchange protocol version 2 ({IKEv2})},
	author={Kaufman, Charlie and Hoffman, Paul and Nir, Yoav and Eronen, Pasi and Kivinen, Tero},
	year={2014}
}

@article{guo2019model,
	title={Model learning and model checking of {IPsec} implementations for {Internet} of {Things}},
	author={Guo, Jiaxing and Gu, Chunxiang and Chen, Xi and Wei, Fushan},
	journal={IEEE Access},
	volume={7},
	pages={171322--171332},
	year={2019},
	publisher={IEEE}
}

@inproceedings{fiteruau2017model,
	title={Model learning and model checking of {SSH} implementations},
	author={Fiter{\u{a}}u-Bro{\c{s}}tean, Paul and Lenaerts, Toon and Poll, Erik and de Ruiter, Joeri and Vaandrager, Frits and Verleg, Patrick},
	booktitle={Proceedings of the 24th ACM SIGSOFT International SPIN Symposium on Model Checking of Software},
	pages={142--151},
	year={2017}
}

@inproceedings{fiteruau2016combining,
	title={Combining model learning and model checking to analyze {TCP} implementations},
	author={Fiter{\u{a}}u-Bro{\c{s}}tean, Paul and Janssen, Ramon and Vaandrager, Frits},
	booktitle={International Conference on Computer Aided Verification},
	pages={454--471},
	year={2016},
	organization={Springer}
}

@phdthesis{novickis2016protocol,
	title={Protocol state fuzzing of an {OpenVPN}},
	author={Novickis, Tomas and Poll, Erik and Altan, Kadir},
	year={2016},
	school={PhD thesis. MS thesis, Fac. Sci. Master Kerckhoffs Comput. Secur., Radboud Univ}
}

@inproceedings{daniel2018inferring,
	title={Inferring {OpenVPN} state machines using protocol state fuzzing},
	author={Daniel, Lesly-Ann and Poll, Erik and de Ruiter, Joeri},
	booktitle={2018 IEEE European Symposium On Security And Privacy Workshops (Euros\&PW)},
	pages={11--19},
	year={2018},
	organization={IEEE}
}

@inproceedings{ShahbazG09,
	author    = {Muzammil Shahbaz and
	Roland Groz},
	editor    = {Ana Cavalcanti and
	Dennis Dams},
	title     = {Inferring Mealy Machines},
	booktitle = {{FM} 2009: Formal Methods, Second World Congress, Eindhoven, The Netherlands,
	November 2-6, 2009. Proceedings},
	series    = {Lecture Notes in Computer Science},
	volume    = {5850},
	pages     = {207--222},
	publisher = {Springer},
	year      = {2009},
	url       = {https://doi.org/10.1007/978-3-642-05089-3\_14},
	doi       = {10.1007/978-3-642-05089-3\_14},
	timestamp = {Mon, 21 Feb 2022 14:40:51 +0100},
	biburl    = {https://dblp.org/rec/conf/fm/ShahbazG09.bib},
	bibsource = {dblp computer science bibliography, https://dblp.org}
}

@INPROCEEDINGS{tappler2017,  
	author={Tappler, Martin and Aichernig, Bernhard K. and Bloem, Roderick},  
	booktitle={2017 IEEE International Conference on Software Testing, Verification and Validation ({ICST})},   
	title={Model-Based Testing IoT Communication via Active Automata Learning},   
	year={2017},  
	pages={276-287},  
	doi={10.1109/ICST.2017.32}
}



